@article{ajami2007WRR,
  title = {An Integrated Hydrologic {{Bayesian}} Multimodel Combination Framework: {{Confronting}} Input, Parameter, and Model Structural Uncertainty in Hydrologic Prediction},
  author = {Ajami, Newsha K. and Duan, Qingyun and Sorooshian, Soroosh},
  year = {2007},
  month = jan,
  journal = {Water Resources Research},
  volume = {43},
  number = {1},
  pages = {W01403},
  doi = {10.1029/2005WR004745},
  file = {/home/hzheng/OneDrive/Library/Zotero/Water Resources Research/Ajami,Duan,Sorooshian-2007-Water Resources Research.pdf}
}

@incollection{ball1987PiPR,
  title = {A Model Predicting Stomatal Conductance and Its Contribution to the Control of Photosynthesis under Different Environmental Conditions},
  booktitle = {Progress in {{Photosynthesis Research}}},
  author = {Ball, J. Timothy and Woodrow, Ian E. and Berry, Joseph A.},
  editor = {Biggins, J},
  year = {1987},
  pages = {221--224},
  publisher = {{Springer Netherlands}},
  address = {{Dordrecht}},
  doi = {10.1007/978-94-017-0519-6_48},
  isbn = {978-94-017-0519-6},
  file = {/home/hzheng/OneDrive/Library/Zotero/Springer Netherlands/Ball,Woodrow,Berry-1987-Springer Netherlands.pdf}
}

@article{beck2017HESS,
  title = {Global Evaluation of Runoff from 10 State-of-the-Art Hydrological Models},
  author = {Beck, Hylke E. and {van Dijk}, Albert I. J. M. and {de Roo}, Ad and Dutra, Emanuel and Fink, Gabriel and Orth, Rene and Schellekens, Jaap},
  year = {2017},
  month = jun,
  journal = {Hydrology and Earth System Sciences},
  volume = {21},
  number = {6},
  pages = {2881--2903},
  doi = {10.5194/hess-21-2881-2017},
  file = {/home/hzheng/OneDrive/Library/Zotero/Hydrology and Earth System Sciences/Beck et al-2017-Hydrology and Earth System Sciences2_annotated.pdf;/home/hzheng/OneDrive/Library/Zotero/Hydrology and Earth System Sciences/Beck et al-2017-Hydrology and Earth System Sciences2-si.pdf;/home/hzheng/OneDrive/Library/Zotero/Hydrology and Earth System Sciences/Beck et al-2017-Hydrology and Earth System Sciences2.pdf}
}

@techreport{burnash1973,
  type = {Technical {{Report}}},
  title = {A Generalized Streamflow Simulation System: Conceptual Modeling for Digital Computers},
  shorttitle = {A Generalized Streamflow Simulation System},
  author = {Burnash, Robert J. C. and Ferral, R. Larry and McGuire, Richard A.},
  year = {1973},
  month = jan,
  pages = {204},
  address = {{Sacramento, California, USA}},
  institution = {{Joint Federal-State River Forecast Center, U.S. National Weather Service and California Department of Water Resources}}
}

@article{cai2014JGRAa,
  title = {Assessment of Simulated Water Balance from {{Noah}}, {{Noah-MP}}, {{CLM}}, and {{VIC}} over {{CONUS}} Using the {{NLDAS}} Test Bed},
  author = {Cai, Xitian and Yang, Zong-Liang and Xia, Youlong and Huang, Maoyi and Wei, Helin and Leung, L. Ruby and Ek, Michael B.},
  year = {2014},
  month = dec,
  journal = {Journal of Geophysical Research: Atmospheres},
  volume = {119},
  number = {24},
  pages = {13751--13770},
  doi = {10.1002/2014JD022113},
  langid = {english},
  file = {/home/hzheng/OneDrive/Library/Zotero/Journal of Geophysical Research Atmospheres/Cai et al-2014-Journal of Geophysical Research Atmospheres.pdf}
}

@article{carrera2015JH,
  title = {The {{Canadian Land Data Assimilation System}} ({{CaLDAS}}): {{Description}} and Synthetic Evaluation Study},
  shorttitle = {The {{Canadian Land Data Assimilation System}} ({{CaLDAS}})},
  author = {Carrera, Marco L. and B{\'e}lair, St{\'e}phane and Bilodeau, Bernard},
  year = {2015},
  month = jun,
  journal = {Journal of Hydrometeorology},
  volume = {16},
  number = {3},
  pages = {1293--1314},
  publisher = {{American Meteorological Society}},
  doi = {10.1175/JHM-D-14-0089.1},
  chapter = {Journal of Hydrometeorology},
  langid = {english},
  file = {/home/hzheng/OneDrive/Library/Zotero/Journal of Hydrometeorology/Carrera,Bélair,Bilodeau-2015-Journal of Hydrometeorology.pdf}
}

@article{chen1997BM,
  title = {Impact of Atmospheric Surface-Layer Parameterizations in the New Land-Surface Scheme of the {{NCEP}} Mesoscale {{Eta}} Model},
  author = {Chen, Fei and Janji{\'c}, Zavis{\u a} and Mitchell, Kenneth},
  year = {1997},
  journal = {Boundary-Layer Meteorology},
  volume = {85},
  number = {3},
  pages = {391--421},
  doi = {10.1023/A:1000531001463},
  file = {/home/hzheng/OneDrive/Library/Zotero/Boundary-Layer Meteorology/Chen,Janjić,Mitchell-1997-Boundary-Layer Meteorology.pdf}
}

@article{chen2001MWR,
  title = {Coupling an Advanced Land Surface\textendash Hydrology Model with the {{Penn State}}\textendash{{NCAR MM5}} Modeling System. {{Part I}}: {{Model}} Implementation and Sensitivity},
  shorttitle = {Coupling an Advanced Land Surface\textendash Hydrology Model with the Penn State\textendash Ncar Mm5 Modeling System. Part i},
  author = {Chen, Fei and Dudhia, Jimy},
  year = {2001},
  month = apr,
  journal = {Monthly Weather Review},
  volume = {129},
  number = {4},
  pages = {569--585},
  doi = {10.1175/1520-0493(2001)129<0569:CAALSH>2.0.CO;2},
  langid = {english},
  file = {/home/hzheng/OneDrive/Library/Zotero/Monthly Weather Review/Chen,Dudhia-2001-Monthly Weather Review-A.pdf}
}

@article{chen2001MWRa,
  title = {Coupling an Advanced Land Surface\textendash Hydrology Model with the {{Penn State}}\textendash{{NCAR MM5}} Modeling System. {{Part II}}: {{Preliminary}} Model Validation},
  shorttitle = {Coupling an Advanced Land Surface-Hydrology Model with the {{Penn State-NCAR MM5}} Modeling System. {{Part II}}},
  author = {Chen, Fei and Dudhia, Jimy},
  year = {2001},
  month = apr,
  journal = {Monthly Weather Review},
  volume = {129},
  number = {4},
  pages = {587--604},
  doi = {10.1175/1520-0493(2001)129<0587:CAALSH>2.0.CO;2},
  langid = {english},
  file = {/home/hzheng/OneDrive/Library/Zotero/Monthly Weather Review/Chen,Dudhia-2001-Monthly Weather Review-B.pdf}
}

@article{clark2011WRR,
  title = {Pursuing the Method of Multiple Working Hypotheses for Hydrological Modeling},
  author = {Clark, Martyn P. and Kavetski, Dmitri and Fenicia, Fabrizio},
  year = {2011},
  month = sep,
  journal = {Water Resources Research},
  volume = {47},
  number = {9},
  pages = {1--16},
  doi = {10.1029/2010WR009827},
  file = {/home/hzheng/OneDrive/Library/Zotero/Water Resources Research/Clark,Kavetski,Fenicia-2011-Water Resources Research.pdf}
}

@article{cloke2009JH,
  title = {Ensemble Flood Forecasting: {{A}} Review},
  shorttitle = {Ensemble Flood Forecasting},
  author = {Cloke, H.L. and Pappenberger, F.},
  year = {2009},
  month = sep,
  journal = {Journal of Hydrology},
  volume = {375},
  number = {3-4},
  pages = {613--626},
  doi = {10.1016/j.jhydrol.2009.06.005},
  langid = {english},
  file = {/home/hzheng/OneDrive/Library/Zotero/Journal of Hydrology/Cloke,Pappenberger-2009-Journal of Hydrology.pdf}
}

@article{collatz1991AFM,
  title = {Physiological and Environmental-Regulation of Stomatal Conductance, Photosynthesis and Transpiration - a Model That Includes a Laminar Boundary-Layer},
  author = {Collatz, G. James and Ball, J. Timothy and Grivet, Cyril and Berry, Joseph A.},
  year = {1991},
  month = apr,
  journal = {Agricultural and Forest Meteorology},
  volume = {54},
  number = {2-4},
  pages = {107--136},
  doi = {10.1016/0168-1923(91)90002-8},
  langid = {english},
  file = {/home/hzheng/OneDrive/Library/Zotero/Agricultural and Forest Meteorology/Collatz et al-1991-Agricultural and Forest Meteorology.pdf}
}

@article{collatz1992FPB,
  title = {Coupled Photosynthesis-Stomatal Conductance Model for Leaves of {{C4}} Plants},
  author = {Collatz, G. James and {Ribas-Carbo}, M and Berry, J A},
  year = {1992},
  month = oct,
  journal = {Functional Plant Biology},
  volume = {19},
  number = {5},
  pages = {519--538},
  doi = {10.1071/PP9920519},
  file = {/home/hzheng/OneDrive/Library/Zotero/Functional Plant Biology/Collatz,Ribas-Carbo,Berry-1992-Functional Plant Biology.pdf}
}

@incollection{cowan1978,
  title = {Stomatal Behaviour and Environment},
  author = {Cowan, Ian Roy},
  editor = {Preston, R. D. and Woolhouse, H. W.},
  year = {1978},
  series = {Advances in {{Botanical Research}}},
  volume = {4},
  pages = {117--228},
  publisher = {{Academic Press}},
  doi = {10.1016/S0065-2296(08)60370-5},
  langid = {english},
  file = {/home/hzheng/OneDrive/Library/Zotero/Academic Press/Cowan-1978-Academic Press.pdf}
}

@article{dai2013NCC,
  title = {Increasing Drought under Global Warming in Observations and Models},
  author = {Dai, Aiguo},
  year = {2013},
  month = jan,
  journal = {Nature Climate Change},
  volume = {3},
  number = {1},
  pages = {52--58},
  doi = {10.1038/nclimate1633},
  langid = {english},
  file = {/home/hzheng/OneDrive/Library/Zotero/Nature Climate Change/Dai-2013-Nature Climate Change.pdf}
}

@techreport{dickinson1993,
  title = {Biosphere-{{Atmosphere Transfer Scheme}} ({{BATS}}) {{Version}} 1e as {{Coupled}} to the {{NCAR Community Climate Model}}},
  author = {Dickinson, Robert E. and {Henderson-Sellers}, Ann and Kennedy, P. J.},
  year = {1993},
  pages = {72},
  address = {{Boulder, Colorado}},
  institution = {{University Corporation for Atmospheric Research}},
  doi = {10.5065/D67W6959},
  file = {/home/hzheng/OneDrive/Library/Zotero/University Corporation for Atmospheric Research/Dickinson,Henderson-Sellers,Kennedy-1993-University Corporation for Atmospheric Research.pdf}
}

@article{ek2003JGRA,
  title = {Implementation of {{Noah}} Land Surface Model Advances in the {{National Centers}} for {{Environmental Prediction}} Operational Mesoscale {{Eta}} Model},
  author = {Ek, M. B. and Mitchell, K. E. and Lin, Y. and Rogers, E. and Grunmann, P. and Koren, V. and Gayno, G. and Tarpley, J. D.},
  year = {2003},
  month = nov,
  journal = {Journal of Geophysical Research: Atmospheres},
  volume = {108},
  number = {D22},
  pages = {8851},
  doi = {10.1029/2002JD003296},
  langid = {english},
  file = {/home/hzheng/OneDrive/Library/Zotero/Journal of Geophysical Research Atmospheres/Ek et al-2003-Journal of Geophysical Research Atmospheres.pdf}
}

@article{emerton2017NC,
  title = {Complex Picture for Likelihood of {{ENSO-driven}} Flood Hazard},
  author = {Emerton, Rebecca E. and Cloke, Hannah L. and Stephens, Elisabeth M. and Zsoter, Ervin and Woolnough, Steve J. and Pappenberger, Florian},
  year = {2017},
  month = mar,
  journal = {Nature Communications},
  volume = {8},
  number = {1},
  pages = {14796},
  doi = {10.1038/ncomms14796},
  file = {/home/hzheng/OneDrive/Library/Zotero/Nature Communications/Emerton et al-2017-Nature Communications-si.pdf;/home/hzheng/OneDrive/Library/Zotero/Nature Communications/Emerton et al-2017-Nature Communications.pdf}
}

@article{fei2021WRR,
  title = {Ensemble Skill Gains Obtained from the Multi-Physics versus Multi-Model Approaches for Continental-Scale Hydrological Simulations},
  author = {Fei, Wenli and Zheng, Hui and Xu, Zhongfeng and Wu, Wen-Ying and Lin, Peirong and Tian, Ye and Guo, Mengyao and She, Dunxian and Li, Lingcheng and Li, Kai and Yang, Zong-Liang},
  year = {2021},
  month = jul,
  journal = {Water Resources Research},
  volume = {57},
  number = {7},
  pages = {e2020WR028846},
  doi = {10.1029/2020wr028846},
  copyright = {All rights reserved},
  langid = {english},
  file = {/home/hzheng/OneDrive/Library/Zotero/Water Resources Research/Fei et al-2021-Water Resources Research-si.pdf;/home/hzheng/OneDrive/Library/Zotero/Water Resources Research/Fei et al-2021-Water Resources Research.pdf}
}

@article{gan2019WRR,
  title = {Assessment and Reduction of the Physical Parameterization Uncertainty for {{Noah}}-{{MP}} Land Surface Model},
  author = {Gan, Yanjun and Liang, Xin-Zhong and Duan, Qingyun and Chen, Fei and Li, Jianduo and Zhang, Yu},
  year = {2019},
  month = jul,
  journal = {Water Resources Research},
  volume = {55},
  number = {7},
  pages = {5518--5538},
  doi = {10.1029/2019WR024814},
  file = {/home/hzheng/OneDrive/Library/Zotero/Water Resources Research/Gan et al-2019-Water Resources Research_annotated.pdf;/home/hzheng/OneDrive/Library/Zotero/Water Resources Research/Gan et al-2019-Water Resources Research-si.pdf;/home/hzheng/OneDrive/Library/Zotero/Water Resources Research/Gan et al-2019-Water Resources Research.pdf}
}

@article{gao2010IJRS,
  title = {Estimating the Water Budget of Major {{US}} River Basins via Remote Sensing},
  author = {Gao, Huilin and Tang, Qiuhong and Ferguson, Craig R. and Wood, Eric F. and Lettenmaier, Dennis P.},
  year = {2010},
  month = aug,
  journal = {International Journal of Remote Sensing},
  volume = {31},
  number = {14},
  pages = {3955--3978},
  publisher = {{Taylor \& Francis}},
  doi = {10.1080/01431161.2010.483488},
  file = {/home/hzheng/OneDrive/Library/Zotero/International Journal of Remote Sensing/Gao et al-2010-International Journal of Remote Sensing.pdf}
}

@article{guo2007QJRMS,
  title = {Improving the Quality of Simulated Soil Moisture with a Multi-Model Ensemble Approach},
  author = {Guo, Zhichang and Dirmeyer, Paul A. and Gao, Xiang and Zhao, Mei},
  year = {2007},
  month = apr,
  journal = {Quarterly Journal of the Royal Meteorological Society},
  volume = {133},
  number = {624},
  pages = {731--747},
  doi = {10.1002/qj.48},
  langid = {english},
  file = {/home/hzheng/OneDrive/Library/Zotero/Quarterly Journal of the Royal Meteorological Society/Guo et al-2007-Quarterly Journal of the Royal Meteorological Society_annotated.pdf;/home/hzheng/OneDrive/Library/Zotero/Quarterly Journal of the Royal Meteorological Society/Guo et al-2007-Quarterly Journal of the Royal Meteorological Society.pdf}
}

@article{hejazi2014HESS,
  title = {Integrated Assessment of Global Water Scarcity over the 21st Century under Multiple Climate Change Mitigation Policies},
  author = {Hejazi, M. I. and Edmonds, J. and Clarke, L. and Kyle, P. and Davies, E. and Chaturvedi, V. and Wise, M. and Patel, P. and Eom, J. and Calvin, K.},
  year = {2014},
  month = aug,
  journal = {Hydrology and Earth System Sciences},
  volume = {18},
  number = {8},
  pages = {2859--2883},
  publisher = {{Copernicus GmbH}},
  doi = {10.5194/hess-18-2859-2014},
  langid = {english},
  file = {/home/hzheng/OneDrive/Library/Zotero/Hydrology and Earth System Sciences/Hejazi et al-2014-Hydrology and Earth System Sciences.pdf}
}

@article{jarvis1976PTRSLB,
  title = {The Interpretation of the Variations in Leaf Water Potential and Stomatal Conductance Found in Canopies in the Field},
  author = {Jarvis, Paul G},
  year = {1976},
  journal = {Philosophical Transactions of the Royal Society of London. B, Biological Sciences},
  volume = {273},
  number = {927},
  pages = {593--610},
  doi = {10.1098/rstb.1976.0035},
  file = {/home/hzheng/OneDrive/Library/Zotero/Philosophical Transactions of the Royal Society of London. B, Biological Sciences/Jarvis-1976-Philosophical Transactions of the Royal Society of London. B, Biological Sciences.pdf}
}

@article{kim2021TC,
  title = {Snow {{Ensemble Uncertainty Project}} ({{SEUP}}): Quantification of Snow Water Equivalent Uncertainty across {{North America}} via Ensemble Land Surface Modeling},
  shorttitle = {Snow {{Ensemble Uncertainty Project}} ({{SEUP}})},
  author = {Kim, Rhae Sung and Kumar, Sujay and Vuyovich, Carrie and Houser, Paul and Lundquist, Jessica and Mudryk, Lawrence and Durand, Michael and Barros, Ana and Kim, Edward J. and Forman, Barton A. and Gutmann, Ethan D. and Wrzesien, Melissa L. and Garnaud, Camille and Sandells, Melody and Marshall, Hans-Peter and Cristea, Nicoleta and Pflug, Justin M. and Johnston, Jeremy and Cao, Yueqian and Mocko, David and Wang, Shugong},
  year = {2021},
  month = feb,
  journal = {The Cryosphere},
  volume = {15},
  number = {2},
  pages = {771--791},
  publisher = {{Copernicus GmbH}},
  doi = {10.5194/tc-15-771-2021},
  langid = {english},
  file = {/home/hzheng/OneDrive/Library/Zotero/The Cryosphere/Kim et al-2021-The Cryosphere.pdf}
}

@article{koren1999JGRA,
  title = {A Parameterization of Snowpack and Frozen Ground Intended for {{NCEP}} Weather and Climate Models},
  author = {Koren, V and Schaake, J and Mitchell, K and Duan, Q.-Y. and Chen, F and Baker, J M},
  year = {1999},
  month = aug,
  journal = {Journal of Geophysical Research: Atmospheres},
  volume = {104},
  number = {D16},
  pages = {19569--19585},
  doi = {10.1029/1999JD900232},
  file = {/home/hzheng/OneDrive/Library/Zotero/Journal of Geophysical Research Atmospheres/Koren et al-1999-Journal of Geophysical Research Atmospheres.pdf}
}

@article{koster1992JGRA,
  title = {Modeling the Land Surface Boundary in Climate Models as a Composite of Independent Vegetation Stands},
  author = {Koster, Randal D. and Suarez, Max J.},
  year = {1992},
  month = feb,
  journal = {Journal of Geophysical Research: Atmospheres},
  volume = {97},
  number = {D3},
  pages = {2697--2715},
  doi = {10.1029/91JD01696},
  langid = {english},
  file = {/home/hzheng/OneDrive/Library/Zotero/Journal of Geophysical Research Atmospheres/Koster,Suarez-1992-Journal of Geophysical Research Atmospheres.pdf}
}

@article{kumar2017WRR,
  title = {Similarity Assessment of Land Surface Model Outputs in the {{North American Land Data Assimilation System}}},
  shorttitle = {{{NLDAS Similarity Assessment}}},
  author = {Kumar, Sujay V. and Wang, Shugong and Mocko, David M. and {Peters-Lidard}, Christa D. and Xia, Youlong},
  year = {2017},
  month = nov,
  journal = {Water Resources Research},
  volume = {53},
  number = {11},
  pages = {8941--8965},
  doi = {10.1002/2017WR020635},
  file = {/home/hzheng/OneDrive/Library/Zotero/Water Resources Research/Kumar et al-2017-Water Resources Research_annotated.pdf;/home/hzheng/OneDrive/Library/Zotero/Water Resources Research/Kumar et al-2017-Water Resources Research-si.pdf;/home/hzheng/OneDrive/Library/Zotero/Water Resources Research/Kumar et al-2017-Water Resources Research.pdf}
}

@article{kumar2018RS,
  title = {Attribution of Flux Partitioning Variations between Land Surface Models over the {{Continental U}}.{{S}}.},
  author = {Kumar, Sujay and Holmes, Thomas and Mocko, M David and Wang, Shugong and {Peters-Lidard}, Christa},
  year = {2018},
  month = may,
  journal = {Remote Sensing},
  volume = {10},
  number = {5},
  pages = {751},
  doi = {10.3390/rs10050751},
  file = {/home/hzheng/OneDrive/Library/Zotero/Remote Sensing/Kumar et al-2018-Remote Sensing.pdf}
}

@article{lafontaine2015JAWRA,
  title = {Effects of Climate and Land Cover on Hydrology in the Southeastern {{U}}.{{S}}.: Potential Impacts on Watershed Planning},
  shorttitle = {Effects of Climate and Land Cover on Hydrology in the Southeastern {{U}}.{{S}}.},
  author = {LaFontaine, Jacob H. and Hay, Lauren E. and Viger, Roland J. and Regan, R. Steve and Markstrom, Steven L.},
  year = {2015},
  month = oct,
  journal = {Journal of the American Water Resources Association},
  volume = {51},
  number = {5},
  pages = {1235--1261},
  doi = {10.1111/1752-1688.12304},
  langid = {english},
  file = {/home/hzheng/OneDrive/Library/Zotero/Journal of the American Water Resources Association/LaFontaine et al-2015-Journal of the American Water Resources Association.pdf}
}

@article{landerer2012WRR,
  title = {Accuracy of Scaled {{GRACE}} Terrestrial Water Storage Estimates: {{ACCURACY OF GRACE-TWS}}},
  shorttitle = {Accuracy of Scaled {{GRACE}} Terrestrial Water Storage Estimates},
  author = {Landerer, F. W. and Swenson, S. C.},
  year = {2012},
  month = apr,
  journal = {Water Resources Research},
  volume = {48},
  number = {4},
  pages = {W04531},
  doi = {10.1029/2011WR011453},
  langid = {english},
  file = {/home/hzheng/OneDrive/Library/Zotero/Water Resources Research/Landerer,Swenson-2012-Water Resources Research.pdf}
}

@article{le2011PNASU,
  title = {Implications for the Hydrologic Cycle under Climate Change Due to the Expansion of Bioenergy Crops in the {{Midwestern United States}}},
  author = {Le, Phong V. V. and Kumar, Praveen and Drewry, Darren T.},
  year = {2011},
  month = sep,
  journal = {Proceedings of the National Academy of Sciences},
  volume = {108},
  number = {37},
  pages = {15085--15090},
  publisher = {{National Academy of Sciences}},
  doi = {10.1073/pnas.1107177108},
  chapter = {Physical Sciences},
  langid = {english},
  pmid = {21876137},
  file = {/home/hzheng/OneDrive/Library/Zotero/Proceedings of the National Academy of Sciences/Le,Kumar,Drewry-2011-Proceedings of the National Academy of Sciences.pdf}
}

@article{levia2020NG,
  title = {Homogenization of the Terrestrial Water Cycle},
  author = {Levia, Delphis F. and Creed, Irena F. and Hannah, David M. and Nanko, Kazuki and Boyer, Elizabeth W. and {Carlyle-Moses}, Darryl E. and {van de Giesen}, Nick and Grasso, Domenico and Guswa, Andrew J. and Hudson, Janice E. and Hudson, Sean A. and Iida, Shin'ichi and Jackson, Robert B. and Katul, Gabriel G. and Kumagai, Tomo'omi and Llorens, Pilar and Ribeiro, Flavio Lopes and Pataki, Diane E. and Peters, Catherine A. and Carretero, Daniel Sanchez and Selker, John S. and Tetzlaff, Doerthe and Zalewski, Maciej and Bruen, Michael},
  year = {2020},
  month = oct,
  journal = {Nature Geoscience},
  volume = {13},
  number = {10},
  pages = {656--658},
  publisher = {{Nature Publishing Group}},
  doi = {10.1038/s41561-020-0641-y},
  copyright = {2020 Springer Nature Limited},
  langid = {english},
  file = {/home/hzheng/OneDrive/Library/Zotero/Nature Geoscience/Levia et al-2020-Nature Geoscience.pdf}
}

@article{lian2018NCC,
  title = {Partitioning Global Land Evapotranspiration Using {{CMIP5}} Models Constrained by Observations},
  author = {Lian, Xu and Piao, Shilong and Huntingford, Chris and Li, Yue and Zeng, Zhenzhong and Wang, Xuhui and Ciais, Philippe and McVicar, Tim R. and Peng, Shushi and Ottl{\'e}, Catherine and Yang, Hui and Yang, Yuting and Zhang, Yongqiang and Wang, Tao},
  year = {2018},
  month = jul,
  journal = {Nature Climate Change},
  volume = {8},
  number = {7},
  pages = {640--646},
  publisher = {{Nature Publishing Group}},
  doi = {10.1038/s41558-018-0207-9},
  copyright = {2018 The Author(s)},
  langid = {english},
  file = {/home/hzheng/OneDrive/Library/Zotero/Nature Climate Change/Lian et al-2018-Nature Climate Change.pdf}
}

@article{liang1994JGRA,
  title = {A Simple Hydrologically Based Model of Land Surface Water and Energy Fluxes for General Circulation Models},
  author = {Liang, Xu and Lettenmaier, Dennis P. and Wood, Eric F. and Burges, Stephen J.},
  year = {1994},
  month = jul,
  journal = {Journal of Geophysical Research: Atmospheres},
  volume = {99},
  number = {D7},
  pages = {14415--14428},
  doi = {10.1029/94JD00483},
  langid = {english},
  file = {/home/hzheng/OneDrive/Library/Zotero/Journal of Geophysical Research Atmospheres/Liang et al-1994-Journal of Geophysical Research Atmospheres.pdf}
}

@article{lin2018JH,
  title = {Insights into Hydrometeorological Factors Constraining Flood Prediction Skill during the {{May}} and {{October}} 2015 {{Texas Hill Country}} Flood Events},
  author = {Lin, Peirong and Hopper, Larry J. and Yang, Zong-Liang and Lenz, Mark and Zeitler, Jon W.},
  year = {2018},
  month = aug,
  journal = {Journal of Hydrometeorology},
  volume = {19},
  number = {8},
  pages = {1339--1361},
  doi = {10.1175/JHM-D-18-0038.1},
  file = {/home/hzheng/OneDrive/Library/Zotero/Journal of Hydrometeorology/Lin et al.-2018-Journal of Hydrometeorology.pdf}
}

@article{lin2019WRR,
  title = {Analysis of Unconfined Flow Induced by Constant Rate Pumping Based on the Lagging Theory},
  author = {Lin, Ye-Chen and Huang, Ching-Sheng and Yeh, Hund-Der},
  year = {2019},
  month = may,
  journal = {Water Resources Research},
  volume = {55},
  number = {5},
  pages = {3925--3940},
  doi = {10.1029/2018WR023893},
  file = {/home/hzheng/OneDrive/Library/Zotero/Water Resources Research/Lin,Huang,Yeh-2019-Water Resources Research.pdf}
}

@article{lombardozzi2017GMD,
  title = {Representing Nighttime and Minimum Conductance in {{CLM4}}.5: {{Global}} Hydrology and Carbon Sensitivity Analysis Using Observational Constraints},
  shorttitle = {Representing Nighttime and Minimum Conductance in {{CLM4}}.5},
  author = {Lombardozzi, Danica L. and Zeppel, Melanie J. B. and Fisher, Rosie A. and Tawfik, Ahmed},
  year = {2017},
  month = jan,
  journal = {Geoscientific Model Development},
  volume = {10},
  number = {1},
  pages = {321--331},
  publisher = {{Copernicus GmbH}},
  doi = {10.5194/gmd-10-321-2017},
  langid = {english},
  file = {/home/hzheng/OneDrive/Library/Zotero/Geoscientific Model Development/Lombardozzi et al-2017-Geoscientific Model Development-si.zip;/home/hzheng/OneDrive/Library/Zotero/Geoscientific Model Development/Lombardozzi et al-2017-Geoscientific Model Development.pdf}
}

@article{lv2019JGRA,
  title = {Quantitative Analysis of Terrestrial Water Storage Changes under the {{Grain}} for {{Green}} Program in the {{Yellow River}} Basin},
  author = {Lv, Meixia and Ma, Zhuguo and Li, Mingxing and Zheng, Ziyan},
  year = {2019},
  month = feb,
  journal = {Journal of Geophysical Research: Atmospheres},
  volume = {124},
  number = {3},
  pages = {1336--1351},
  doi = {10.1029/2018JD029113},
  langid = {english},
  file = {/home/hzheng/OneDrive/Library/Zotero/Journal of Geophysical Research Atmospheres/Lv et al-2019-Journal of Geophysical Research Atmospheres.pdf}
}

@article{massman1998AE,
  title = {A Review of the Molecular Diffusivities of {{H2O}}, {{CO2}}, {{CH4}}, {{CO}}, {{O3}}, {{SO2}}, {{NH3}}, {{N2O}}, {{NO}}, and {{NO2}} in Air, {{O2}} and {{N2}} near {{STP}}},
  author = {Massman, W. J.},
  year = {1998},
  month = mar,
  journal = {Atmospheric Environment},
  volume = {32},
  number = {6},
  pages = {1111--1127},
  doi = {10.1016/s1352-2310(97)00391-9},
  langid = {english},
  file = {/home/hzheng/OneDrive/Library/Zotero/Atmospheric Environment/Massman-1998-Atmospheric Environment.pdf}
}

@article{mccabe2017HESS,
  title = {The Future of {{Earth}} Observation in Hydrology},
  author = {McCabe, Matthew F. and Rodell, Matthew and Alsdorf, Douglas E. and Miralles, Diego G. and Uijlenhoet, Remko and Wagner, Wolfgang and Lucieer, Arko and Houborg, Rasmus and Verhoest, Niko E. C. and Franz, Trenton E. and Shi, Jiancheng and Gao, Huilin and Wood, Eric F.},
  year = {2017},
  month = jul,
  journal = {Hydrology and Earth System Sciences},
  volume = {21},
  number = {7},
  pages = {3879--3914},
  doi = {10.5194/hess-21-3879-2017},
  file = {/home/hzheng/OneDrive/Library/Zotero/Hydrology and Earth System Sciences/McCabe et al-2017-Hydrology and Earth System Sciences.pdf}
}

@article{mitchell2004JGRA,
  title = {The Multi-Institution {{North American Land Data Assimilation System}} ({{NLDAS}}): {{Utilizing}} Multiple {{GCIP}} Products and Partners in a Continental Distributed Hydrological Modeling System},
  author = {Mitchell, Kenneth E. and Lohmann, Dag and Houser, Paul R. and Wood, Eric F. and Schaake, John C. and Robock, Alan and Cosgrove, Brian A. and Sheffield, Justin and Duan, Qingyun and Luo, Lifeng and Higgins, R Wayne and Pinker, Rachel T and Tarpley, J Dan and Lettenmaier, Dennis P. and Marshall, Curtis H and Entin, Jared K and Pan, Ming and Shi, Wei and Koren, Victor and Meng, Jesse and Ramsay, Bruce H and Bailey, Andrew A},
  year = {2004},
  month = apr,
  journal = {Journal of Geophysical Research: Atmospheres},
  volume = {109},
  number = {D7},
  pages = {D07S90},
  doi = {10.1029/2003JD003823},
  file = {/home/hzheng/OneDrive/Library/Zotero/Journal of Geophysical Research Atmospheres/Mitchell et al-2004-Journal of Geophysical Research Atmospheres.pdf}
}

@article{niu2006JH,
  title = {Effects of Frozen Soil on Snowmelt Runoff and Soil Water Storage at a Continental Scale},
  author = {Niu, Guo-Yue and Yang, Zong-Liang},
  year = {2006},
  month = oct,
  journal = {Journal of Hydrometeorology},
  volume = {7},
  number = {5},
  pages = {937--952},
  doi = {10.1175/JHM538.1},
  file = {/home/hzheng/OneDrive/Library/Zotero/Journal of Hydrometeorology/Niu,Yang-2006-Journal of Hydrometeorology.pdf}
}

@article{niu2007JGRa,
  title = {Development of a Simple Groundwater Model for Use in Climate Models and Evaluation with {{Gravity Recovery}} and {{Climate Experiment}} Data},
  author = {Niu, Guo-Yue and Yang, Zong-Liang and Dickinson, Robert E. and Gulden, Lindsey E. and Su, Hua},
  year = {2007},
  month = apr,
  journal = {Journal of Geophysical Research},
  volume = {112},
  number = {D7},
  pages = {D07103},
  doi = {10.1029/2006JD007522},
  langid = {english},
  file = {/home/hzheng/OneDrive/Library/Zotero/Journal of Geophysical Research/Niu et al-2007-Journal of Geophysical Research.pdf}
}

@article{niu2011JGRA,
  title = {The Community {{Noah}} Land Surface Model with Multiparameterization Options ({{Noah-MP}}): 1. {{Model}} Description and Evaluation with Local-Scale Measurements},
  shorttitle = {The Community {{Noah}} Land Surface Model with Multiparameterization Options ({{Noah-MP}})},
  author = {Niu, Guo-Yue and Yang, Zong-Liang and Mitchell, Kenneth E. and Chen, Fei and Ek, Michael B. and Barlage, Michael and Kumar, Anil and Manning, Kevin and Niyogi, Dev and Rosero, Enrique and Tewari, Mukul and Xia, Youlong},
  year = {2011},
  month = jun,
  journal = {Journal of Geophysical Research: Atmospheres},
  volume = {116},
  number = {D12},
  pages = {D12109},
  doi = {10.1029/2010JD015139},
  langid = {english},
  file = {/home/hzheng/OneDrive/Library/Zotero/Journal of Geophysical Research Atmospheres/Niu et al-2011-Journal of Geophysical Research Atmospheres.pdf}
}

@article{noilhan1989MWR,
  title = {A Simple Parameterization of Land Surface Processes for Meteorological Models},
  author = {Noilhan, J. and Planton, S.},
  year = {1989},
  month = mar,
  journal = {Monthly Weather Review},
  volume = {117},
  number = {3},
  pages = {536--549},
  doi = {10.1175/1520-0493(1989)117<0536:ASPOLS>2.0.CO;2},
  langid = {english},
  file = {/home/hzheng/OneDrive/Library/Zotero/Monthly Weather Review/Noilhan,Planton-1989-Monthly Weather Review.pdf}
}

@article{pan2012JC,
  title = {Multisource Estimation of Long-Term Terrestrial Water Budget for Major Global River Basins},
  author = {Pan, Ming and Sahoo, Alok K. and Troy, Tara J. and Vinukollu, Raghuveer K. and Sheffield, Justin and Wood, Eric F.},
  year = {2012},
  month = may,
  journal = {Journal of Climate},
  volume = {25},
  number = {9},
  pages = {3191--3206},
  doi = {10.1175/JCLI-D-11-00300.1},
  file = {/home/hzheng/OneDrive/Library/Zotero/Journal of Climate/Pan et al.-2012-Journal of Climate.pdf}
}

@article{pascolini-campbell2020WRR,
  title = {{{GRACE-based}} Mass Conservation as a Validation Target for Basin-Scale Evapotranspiration in the Contiguous {{United States}}},
  author = {{Pascolini-Campbell}, Madeleine A. and Reager, John T. and Fisher, Joshua B.},
  year = {2020},
  month = feb,
  journal = {Water Resources Research},
  volume = {56},
  number = {2},
  pages = {e2019WR026594},
  doi = {10.1029/2019WR026594},
  file = {/home/hzheng/OneDrive/Library/Zotero/Water Resources Research/Pascolini-Campbell,Reager,Fisher-2020-Water Resources Research.pdf}
}

@article{peters-lidard2018MM,
  title = {100 Years of Progress in Hydrology},
  author = {{Peters-Lidard}, Christa D. and Hossain, Faisal and Leung, L. Ruby and McDowell, Nate and Rodell, Matthew and Tapiador, Francisco J. and Turk, F. Joe and Wood, Andrew},
  year = {2018},
  month = jan,
  journal = {Meteorological Monographs},
  volume = {59},
  pages = {25.1--25.51},
  doi = {10.1175/AMSMONOGRAPHS-D-18-0019.1},
  file = {/home/hzheng/OneDrive/Library/Zotero/Meteorological Monographs/Peters-Lidard et al-2018-Meteorological Monographs.pdf}
}

@article{peters-lidard2021BAMS,
  title = {Advances in Land Surface Models and Indicators for Drought Monitoring and Prediction},
  author = {{Peters-Lidard}, Christa D. and Mocko, David M. and Su, Lu and Lettenmaier, Dennis P. and Gentine, Pierre and Barlage, Michael},
  year = {2021},
  month = may,
  journal = {Bulletin of the American Meteorological Society},
  volume = {102},
  number = {5},
  pages = {E1099-E1122},
  publisher = {{American Meteorological Society}},
  doi = {10.1175/BAMS-D-20-0087.1},
  chapter = {Bulletin of the American Meteorological Society},
  langid = {english},
  file = {/home/hzheng/OneDrive/Library/Zotero/Bulletin of the American Meteorological Society/Peters-Lidard et al-2021-Bulletin of the American Meteorological Society.pdf}
}

@incollection{philip1969AiH,
  title = {Theory of {{Infiltration}}},
  booktitle = {Advances in {{Hydroscience}}},
  author = {Philip, J. R.},
  year = {1969},
  month = jan,
  volume = {5},
  pages = {215--296},
  publisher = {{Elsevier}},
  doi = {10.1016/B978-1-4831-9936-8.50010-6},
  isbn = {0065-2768},
  file = {/home/hzheng/OneDrive/Library/Zotero/Elsevier/Philip-1969-Elsevier.pdf}
}

@article{prudhomme2014PNASU,
  title = {Hydrological Droughts in the 21st Century, Hotspots and Uncertainties from a Global Multimodel Ensemble Experiment},
  author = {Prudhomme, Christel and Giuntoli, Ignazio and Robinson, Emma L. and Clark, Douglas B. and Arnell, Nigel W. and Dankers, Rutger and Fekete, Bal{\'a}zs M. and Franssen, Wietse and Gerten, Dieter and Gosling, Simon N. and Hagemann, Stefan and Hannah, David M. and Kim, Hyungjun and Masaki, Yoshimitsu and Satoh, Yusuke and Stacke, Tobias and Wada, Yoshihide and Wisser, Dominik},
  year = {2014},
  month = mar,
  journal = {Proceedings of the National Academy of Sciences},
  volume = {111},
  number = {9},
  pages = {3262--3267},
  publisher = {{National Academy of Sciences}},
  doi = {10.1073/pnas.1222473110},
  chapter = {Physical Sciences},
  langid = {english},
  pmid = {24344266},
  file = {/home/hzheng/OneDrive/Library/Zotero/Proceedings of the National Academy of Sciences/Prudhomme et al-2014-Proceedings of the National Academy of Sciences.pdf}
}

@article{rodell2004BAMS,
  title = {The {{Global Land Data Assimilation System}}},
  author = {Rodell, M. and Houser, P. R. and Jambor, U. and Gottschalck, J. and Mitchell, K. and Meng, C-J. and Arsenault, K. and Cosgrove, B. and Radakovich, J. and Bosilovich, M. and Entin, J. K. and Walker, J. P. and Lohmann, D. and Toll, D.},
  year = {2004},
  month = mar,
  journal = {Bulletin of the American Meteorological Society},
  volume = {85},
  number = {3},
  pages = {381--394},
  doi = {10.1175/BAMS-85-3-381},
  langid = {english},
  file = {/home/hzheng/OneDrive/Library/Zotero/Bulletin of the American Meteorological Society/Rodell et al-2004-Bulletin of the American Meteorological Society.pdf}
}

@article{rodell2009N,
  title = {Satellite-Based Estimates of Groundwater Depletion in {{India}}},
  author = {Rodell, Matthew and Velicogna, Isabella and Famiglietti, James S},
  year = {2009},
  month = aug,
  journal = {Nature},
  volume = {460},
  number = {7258},
  pages = {999--1002},
  doi = {10.1038/nature08238},
  file = {/home/hzheng/OneDrive/Library/Zotero/Nature/Rodell,Velicogna,Famiglietti-2009-Nature.pdf}
}

@article{rodell2015JC,
  title = {The Observed State of the Water Cycle in the Early Twenty-First Century},
  author = {Rodell, M. and Beaudoing, H. K. and L'Ecuyer, T. S. and Olson, W. S. and Famiglietti, J. S. and Houser, P. R. and Adler, R. and Bosilovich, M. G. and Clayson, C. A. and Chambers, D. and Clark, E. and Fetzer, E. J. and Gao, X. and Gu, G. and Hilburn, K. and Huffman, G. J. and Lettenmaier, D. P. and Liu, W. T. and Robertson, F. R. and Schlosser, C. A. and Sheffield, J. and Wood, E. F.},
  year = {2015},
  month = nov,
  journal = {Journal of Climate},
  volume = {28},
  number = {21},
  pages = {8289--8318},
  publisher = {{American Meteorological Society}},
  doi = {10.1175/JCLI-D-14-00555.1},
  chapter = {Journal of Climate},
  langid = {english},
  file = {/home/hzheng/OneDrive/Library/Zotero/Journal of Climate/Rodell et al-2015-Journal of Climate.pdf}
}

@article{saxe2021HESS,
  title = {Implications of Model Selection: A Comparison of Publicly Available, Conterminous {{US-extent}} Hydrologic Component Estimates},
  shorttitle = {Implications of Model Selection},
  author = {Saxe, Samuel and Farmer, William and Driscoll, Jessica and Hogue, Terri S.},
  year = {2021},
  month = mar,
  journal = {Hydrology and Earth System Sciences},
  volume = {25},
  number = {3},
  pages = {1529--1568},
  publisher = {{Copernicus GmbH}},
  doi = {10.5194/hess-25-1529-2021},
  langid = {english},
  file = {/home/hzheng/OneDrive/Library/Zotero/Hydrology and Earth System Sciences/Saxe et al-2021-Hydrology and Earth System Sciences_annotated.pdf;/home/hzheng/OneDrive/Library/Zotero/Hydrology and Earth System Sciences/Saxe et al-2021-Hydrology and Earth System Sciences.pdf}
}

@article{scanlon2012PNASU,
  title = {Groundwater Depletion and Sustainability of Irrigation in the {{US High Plains}} and {{Central Valley}}},
  author = {Scanlon, Bridget R and Faunt, Claudia C and Longuevergne, Laurent and Reedy, Robert C and Alley, William M and McGuire, Virginia L and McMahon, Peter B},
  year = {2012},
  month = jun,
  journal = {Proceedings of the National Academy of Sciences},
  volume = {109},
  number = {24},
  pages = {9320--9325},
  publisher = {{National Academy of Sciences}},
  doi = {10.1073/pnas.1200311109},
  chapter = {Physical Sciences},
  copyright = {\textcopyright{}  . Freely available online through the PNAS open access option.},
  langid = {english},
  pmid = {22645352},
  file = {/home/hzheng/OneDrive/Library/Zotero/Proceedings of the National Academy of Sciences/Scanlon et al-2012-Proceedings of the National Academy of Sciences.pdf}
}

@article{scanlon2018PNASU,
  title = {Global Models Underestimate Large Decadal Declining and Rising Water Storage Trends Relative to {{GRACE}} Satellite Data},
  author = {Scanlon, Bridget R. and Zhang, Zizhan and Save, Himanshu and Sun, Alexander Y. and Schmied, Hannes M{\"u}ller and van Beek, Ludovicus P. H. and Wiese, David N. and Wada, Yoshihide and Long, Di and Reedy, Robert C. and Longuevergne, Laurent and D{\"o}ll, Petra and Bierkens, Marc F. P.},
  year = {2018},
  month = feb,
  journal = {Proceedings of the National Academy of Sciences},
  volume = {115},
  number = {6},
  pages = {E1080-E1089},
  publisher = {{National Academy of Sciences}},
  doi = {10.1073/pnas.1704665115},
  chapter = {PNAS Plus},
  copyright = {Copyright \textcopyright{} 2018 the Author(s). Published by PNAS.. https://creativecommons.org/licenses/by-nc-nd/4.0/This open access article is distributed under Creative Commons Attribution-NonCommercial-NoDerivatives License 4.0 (CC BY-NC-ND).},
  langid = {english},
  pmid = {29358394},
  file = {/home/hzheng/OneDrive/Library/Zotero/Proceedings of the National Academy of Sciences/Scanlon et al-2018-Proceedings of the National Academy of Sciences.pdf}
}

@article{schaake1996JGRA,
  title = {Simple Water Balance Model for Estimating Runoff at Different Spatial and Temporal Scales},
  author = {Schaake, John C. and Koren, Victor I. and Duan, Qing-Yun and Mitchell, Kenneth and Chen, Fei},
  year = {1996},
  month = mar,
  journal = {Journal of Geophysical Research: Atmospheres},
  volume = {101},
  number = {D3},
  pages = {7461--7475},
  doi = {10.1029/95JD02892},
  file = {/home/hzheng/OneDrive/Library/Zotero/Journal of Geophysical Research Atmospheres/Schaake et al-1996-Journal of Geophysical Research Atmospheres_annotated.pdf;/home/hzheng/OneDrive/Library/Zotero/Journal of Geophysical Research Atmospheres/Schaake et al-1996-Journal of Geophysical Research Atmospheres.pdf}
}

@article{sellers1996JCa,
  title = {A Revised Land Surface Parameterization ({{SiB2}}) for Atmospheric {{GCMs}}. {{Part I}}: {{Model}} Formulation},
  shorttitle = {A Revised Land Surface Parameterization ({{SiB2}}) for Atmospheric {{GCMs}}. Part {{I}}},
  author = {Sellers, Piers J. and Randall, David A. and Collatz, G. J. and Berry, Joseph A. and Field, Christopher B. and Dazlich, D. A. and Zhang, C. and Collelo, G. D. and Bounoua, L.},
  year = {1996},
  month = apr,
  journal = {Journal of Climate},
  volume = {9},
  number = {4},
  pages = {676--705},
  doi = {10.1175/1520-0442(1996)009<0676:ARLSPF>2.0.CO;2},
  langid = {english},
  file = {/home/hzheng/OneDrive/Library/Zotero/Journal of Climate/Sellers et al-1996-Journal of Climate-A.pdf}
}

@article{shi2011SCES,
  title = {China Land Soil Moisture {{EnKF}} Data Assimilation Based on Satellite Remote Sensing Data},
  author = {Shi, ChunXiang and Xie, ZhengHui and Qian, Hui and Liang, MiaoLing and Yang, XiaoChun},
  year = {2011},
  month = sep,
  journal = {Science China Earth Sciences},
  volume = {54},
  number = {9},
  pages = {1430--1440},
  doi = {10.1007/s11430-010-4160-3},
  langid = {english},
  file = {/home/hzheng/OneDrive/Library/Zotero/Science China Earth Sciences/Shi et al-2011-Science China Earth Sciences.pdf}
}

@article{su2021JH,
  title = {How Reliable Are the Satellite-Based Precipitation Estimations in Guiding Hydrological Modelling in {{South China}}?},
  author = {Su, Jianbin and Li, Xin and Ren, Weiwei and L{\"u}, Haishen and Zheng, Donghai},
  year = {2021},
  month = nov,
  journal = {Journal of Hydrology},
  volume = {602},
  pages = {126705},
  doi = {10.1016/j.jhydrol.2021.126705},
  langid = {english},
  file = {/home/hzheng/OneDrive/Library/Zotero/Journal of Hydrology/Su et al-2021-Journal of Hydrology.pdf}
}

@article{telteu2021GMD,
  title = {Understanding Each Other's Models: An Introduction and a Standard Representation of 16 Global Water Models to Support Intercomparison, Improvement, and Communication},
  shorttitle = {Understanding Each Other's Models},
  author = {Telteu, Camelia-Eliza and M{\"u}ller Schmied, Hannes and Thiery, Wim and Leng, Guoyong and Burek, Peter and Liu, Xingcai and Boulange, Julien Eric Stanislas and Andersen, Lauren Seaby and Grillakis, Manolis and Gosling, Simon Newland and Satoh, Yusuke and Rakovec, Oldrich and Stacke, Tobias and Chang, Jinfeng and Wanders, Niko and Shah, Harsh Lovekumar and Trautmann, Tim and Mao, Ganquan and Hanasaki, Naota and Koutroulis, Aristeidis and Pokhrel, Yadu and Samaniego, Luis and Wada, Yoshihide and Mishra, Vimal and Liu, Junguo and D{\"o}ll, Petra and Zhao, Fang and G{\"a}deke, Anne and Rabin, Sam S. and Herz, Florian},
  year = {2021},
  month = jun,
  journal = {Geoscientific Model Development},
  volume = {14},
  number = {6},
  pages = {3843--3878},
  publisher = {{Copernicus GmbH}},
  doi = {10.5194/gmd-14-3843-2021},
  langid = {english},
  file = {/home/hzheng/OneDrive/Library/Zotero/Geoscientific Model Development/Telteu et al-2021-Geoscientific Model Development-si.pdf;/home/hzheng/OneDrive/Library/Zotero/Geoscientific Model Development/Telteu et al-2021-Geoscientific Model Development.pdf}
}

@article{trenberth2007JH,
  title = {Estimates of the Global Water Budget and Its Annual Cycle Using Observational and Model Data},
  author = {Trenberth, Kevin E and Smith, Lesley and Qian, Taotao and Dai, Aiguo and Fasullo, John},
  year = {2007},
  month = aug,
  journal = {Journal of Hydrometeorology},
  volume = {8},
  number = {4},
  pages = {758--769},
  doi = {10.1175/JHM600.1},
  file = {/home/hzheng/OneDrive/Library/Zotero/Journal of Hydrometeorology/Trenberth et al-2007-Journal of Hydrometeorology.pdf}
}

@article{trenberth2013GRL,
  title = {North {{American}} Water and Energy Cycles},
  author = {Trenberth, Kevin E. and Fasullo, John T.},
  year = {2013},
  month = jan,
  journal = {Geophysical Research Letters},
  volume = {40},
  number = {2},
  pages = {365--369},
  doi = {10.1002/grl.50107},
  langid = {english},
  file = {/home/hzheng/OneDrive/Library/Zotero/Geophysical Research Letters/Trenberth,Fasullo-2013-Geophysical Research Letters.pdf}
}

@article{trenberth2013JC,
  title = {Regional Energy and Water Cycles: Transports from Ocean to Land},
  shorttitle = {Regional Energy and Water Cycles},
  author = {Trenberth, Kevin E. and Fasullo, John T.},
  year = {2013},
  month = oct,
  journal = {Journal of Climate},
  volume = {26},
  number = {20},
  pages = {7837--7851},
  publisher = {{American Meteorological Society}},
  doi = {10.1175/JCLI-D-13-00008.1},
  chapter = {Journal of Climate},
  langid = {english},
  file = {/home/hzheng/OneDrive/Library/Zotero/Journal of Climate/Trenberth,Fasullo-2013-Journal of Climate.pdf}
}

@article{troin2021WRR,
  title = {Generating Ensemble Streamflow Forecasts: {{A}} Review of Methods and Approaches over the Past 40 Years},
  shorttitle = {Generating Ensemble Streamflow Forecasts},
  author = {Troin, Magali and Arsenault, Richard and Wood, Andrew W. and Brissette, Fran{\c c}ois and Martel, Jean-Luc},
  year = {2021},
  month = jul,
  journal = {Water Resources Research},
  volume = {57},
  number = {7},
  pages = {e2020WR028392},
  doi = {10.1029/2020WR028392},
  langid = {english},
  file = {/home/hzheng/OneDrive/Library/Zotero/Water Resources Research/Troin et al-2021-Water Resources Research_annotated.pdf;/home/hzheng/OneDrive/Library/Zotero/Water Resources Research/Troin et al-2021-Water Resources Research-si-table-s1.docx;/home/hzheng/OneDrive/Library/Zotero/Water Resources Research/Troin et al-2021-Water Resources Research-si-table-s2.docx;/home/hzheng/OneDrive/Library/Zotero/Water Resources Research/Troin et al-2021-Water Resources Research-si-table-s3.docx;/home/hzheng/OneDrive/Library/Zotero/Water Resources Research/Troin et al-2021-Water Resources Research.pdf}
}

@article{voss2013WRR,
  title = {Groundwater Depletion in the {{Middle East}} from {{GRACE}} with Implications for Transboundary Water Management in the {{Tigris-Euphrates-Western Iran}} Region},
  author = {Voss, Katalyn A. and Famiglietti, James S. and Lo, MinHui and de Linage, Caroline and Rodell, Matthew and Swenson, Sean C.},
  year = {2013},
  month = feb,
  journal = {Water Resources Research},
  volume = {49},
  number = {2},
  pages = {904--914},
  doi = {10.1002/wrcr.20078},
  langid = {english},
  file = {/home/hzheng/OneDrive/Library/Zotero/Water Resources Research/Voss et al-2013-Water Resources Research.pdf}
}

@article{ward2014PNASU,
  title = {Strong Influence of {{El Ni\~no Southern Oscillation}} on Flood Risk around the World},
  author = {Ward, Philip J. and Jongman, Brenden and Kummu, Matti and Dettinger, Michael D. and Sperna Weiland, Frederiek C and Winsemius, Hessel C},
  year = {2014},
  month = oct,
  journal = {Proceedings of the National Academy of Sciences},
  volume = {111},
  number = {44},
  pages = {15659--15664},
  doi = {10.1073/pnas.1409822111},
  file = {/home/hzheng/OneDrive/Library/Zotero/Proceedings of the National Academy of Sciences/Ward et al-2014-Proceedings of the National Academy of Sciences-si.pdf;/home/hzheng/OneDrive/Library/Zotero/Proceedings of the National Academy of Sciences/Ward et al-2014-Proceedings of the National Academy of Sciences.pdf}
}

@article{wu2021JH,
  title = {Hydroclimatic Variability and Riparian Wetland Restoration Control the Hydrology and Nutrient Fluxes in a Lowland Agricultural Catchment},
  author = {Wu, Songjun and Tetzlaff, Doerthe and Goldhammer, Tobias and Soulsby, Chris},
  year = {2021},
  month = dec,
  journal = {Journal of Hydrology},
  volume = {603},
  number = {Part B},
  pages = {126904},
  doi = {10.1016/j.jhydrol.2021.126904},
  langid = {english},
  file = {/home/hzheng/OneDrive/Library/Zotero/Journal of Hydrology/Wu et al-2021-Journal of Hydrology4.pdf}
}

@article{xia2012JGRA,
  title = {Continental-Scale Water and Energy Flux Analysis and Validation for the {{North American Land Data Assimilation System}} Project Phase 2 ({{NLDAS-2}}): 1. {{Intercomparison}} and Application of Model Products},
  author = {Xia, Youlong and Mitchell, Kenneth and Ek, Michael and Sheffield, Justin and Cosgrove, Brian A. and Wood, Eric F. and Luo, Lifeng and Alonge, Charles and Wei, Helin and Meng, Jesse and Livneh, Ben and Lettenmaier, Dennis P. and Koren, Victor and Duan, Qingyun and Mo, Kingtse C and Fan, Yun and Mocko, David},
  year = {2012},
  month = feb,
  journal = {Journal of Geophysical Research: Atmospheres},
  volume = {117},
  number = {D3},
  pages = {D03109},
  doi = {10.1029/2011JD016048},
  file = {/home/hzheng/OneDrive/Library/Zotero/Journal of Geophysical Research Atmospheres/Xia et al-2012-Journal of Geophysical Research Atmospheres-A.pdf}
}

@article{xia2012JGRAa,
  title = {Continental-Scale Water and Energy Flux Analysis and Validation for {{North American Land Data Assimilation System}} Project Phase 2 ({{NLDAS-2}}): 2. {{Validation}} of Model-Simulated Streamflow},
  author = {Xia, Youlong and Mitchell, Kenneth and Ek, Michael and Cosgrove, Brian A. and Sheffield, Justin and Luo, Lifeng and Alonge, Charles and Wei, Helin and Meng, Jesse and Livneh, Ben and Duan, Qingyun and Lohmann, Dag},
  year = {2012},
  month = feb,
  journal = {Journal of Geophysical Research: Atmospheres},
  volume = {117},
  number = {D3},
  pages = {D03110},
  doi = {10.1029/2011JD016051},
  file = {/home/hzheng/OneDrive/Library/Zotero/Journal of Geophysical Research Atmospheres/Xia et al-2012-Journal of Geophysical Research Atmospheres-B.pdf}
}

@article{xia2015JH,
  title = {Comparison of {{NLDAS-2}} Simulated and {{NASMD}} Observed Daily Soil Moisture. {{Part II}}: Impact of Soil Texture Classification and Vegetation Type Mismatches},
  author = {Xia, Youlong and Ek, Michael B and Wu, Yihua and Ford, Trent and Quiring, Steven M},
  year = {2015},
  month = jun,
  journal = {Journal of Hydrometeorology},
  volume = {16},
  number = {5},
  pages = {1981--2000},
  doi = {10.1175/JHM-D-14-0097.1},
  file = {/home/hzheng/OneDrive/Library/Zotero/Journal of Hydrometeorology/Xia et al.-2015-Journal of Hydrometeorology2.pdf}
}

@article{xia2015JHa,
  title = {Comparison of {{NLDAS-2}} Simulated and {{NASMD}} Observed Daily Soil Moisture. {{Part I}}: Comparison and Analysis},
  author = {Xia, Youlong and Ek, Michael B and Wu, Yihua and Ford, Trent and Quiring, Steven M},
  year = {2015},
  month = jun,
  journal = {Journal of Hydrometeorology},
  volume = {16},
  number = {5},
  pages = {1962--1980},
  doi = {10.1175/JHM-D-14-0096.1},
  file = {/home/hzheng/OneDrive/Library/Zotero/Journal of Hydrometeorology/Xia et al-2015-Journal of Hydrometeorology.pdf}
}

@article{xia2019JMR,
  title = {Regional and Global Land Data Assimilation Systems: {{Innovations}}, Challenges, and Prospects},
  author = {Xia, Youlong and Hao, Zengchao and Shi, Chunxiang and Li, Yaohui and Meng, Jesse and Xu, Tongren and Wu, Xinying and Zhang, Baoqing},
  year = {2019},
  month = apr,
  journal = {Journal of Meteorological Research},
  volume = {33},
  number = {2},
  pages = {159--189},
  doi = {10.1007/s13351-019-8172-4},
  file = {/home/hzheng/OneDrive/Library/Zotero/Journal of Meteorological Research/Xia et al-2019-Journal of Meteorological Research.pdf}
}

@article{yang1996GPC,
  title = {Description of the {{Biosphere-Atmosphere Transfer Scheme}} ({{BATS}}) for the Soil Moisture Workshop and Evaluation of Its Performance},
  author = {Yang, Zong-Liang and Dickinson, Robert E.},
  year = {1996},
  journal = {Global and Planetary Change},
  volume = {13},
  number = {1-4},
  pages = {117--134},
  doi = {10.1016/0921-8181(95)00041-0},
  file = {/home/hzheng/OneDrive/Library/Zotero/Global and Planetary Change/Yang,Dickinson-1996-Global and Planetary Change.pdf}
}

@article{yang2011JGRA,
  title = {The Community {{Noah}} Land Surface Model with Multiparameterization Options ({{Noah-MP}}): 2. {{Evaluation}} over Global River Basins},
  shorttitle = {The Community {{Noah}} Land Surface Model with Multiparameterization Options ({{Noah-MP}})},
  author = {Yang, Zong-Liang and Niu, Guo-Yue and Mitchell, Kenneth E. and Chen, Fei and Ek, Michael B. and Barlage, Michael and Longuevergne, Laurent and Manning, Kevin and Niyogi, Dev and Tewari, Mukul and Xia, Youlong},
  year = {2011},
  month = jun,
  journal = {Journal of Geophysical Research: Atmospheres},
  volume = {116},
  number = {D12},
  pages = {D12110},
  doi = {10.1029/2010JD015140},
  langid = {english},
  file = {/home/hzheng/OneDrive/Library/Zotero/Journal of Geophysical Research Atmospheres/Yang et al-2011-Journal of Geophysical Research Atmospheres.pdf}
}

@article{yin2020HESS,
  title = {Inter-Annual Variability of the Global Terrestrial Water Cycle},
  author = {Yin, Dongqin and Roderick, Michael L.},
  year = {2020},
  month = jan,
  journal = {Hydrology and Earth System Sciences},
  volume = {24},
  number = {1},
  pages = {381--396},
  publisher = {{Copernicus GmbH}},
  doi = {10.5194/hess-24-381-2020},
  langid = {english},
  file = {/home/hzheng/OneDrive/Library/Zotero/Hydrology and Earth System Sciences/Yin,Roderick-2020-Hydrology and Earth System Sciences.pdf}
}

@article{zaussinger2019HESS,
  title = {Estimating Irrigation Water Use over the Contiguous {{United States}} by Combining Satellite and Reanalysis Soil Moisture Data},
  author = {Zaussinger, Felix and Dorigo, Wouter and Gruber, Alexander and Tarpanelli, Angelica and Filippucci, Paolo and Brocca, Luca},
  year = {2019},
  month = feb,
  journal = {Hydrology and Earth System Sciences},
  volume = {23},
  number = {2},
  pages = {897--923},
  publisher = {{Copernicus GmbH}},
  doi = {10.5194/hess-23-897-2019},
  langid = {english},
  file = {/home/hzheng/OneDrive/Library/Zotero/Hydrology and Earth System Sciences/Zaussinger et al-2019-Hydrology and Earth System Sciences.pdf}
}

@article{zhang2016JGRA,
  title = {Assessing Uncertainties in the {{Noah-MP}} Ensemble Simulations of a Cropland Site during the {{Tibet Joint International Cooperation}} Program Field Campaign},
  author = {Zhang, Guo and Chen, Fei and Gan, Yanjun},
  year = {2016},
  month = aug,
  journal = {Journal of Geophysical Research: Atmospheres},
  volume = {121},
  number = {16},
  pages = {9576--9596},
  doi = {10.1002/2016JD024928},
  file = {/home/hzheng/OneDrive/Library/Zotero/Journal of Geophysical Research Atmospheres/Zhang,Chen,Gan-2016-Journal of Geophysical Research Atmospheres.pdf}
}

@article{zhang2018HESS,
  title = {A {{Climate Data Record}} ({{CDR}}) for the Global Terrestrial Water Budget: 1984\textendash 2010},
  author = {Zhang, Yu and Pan, Ming and Sheffield, Justin and Siemann, Amanda L. and Fisher, Colby K. and Liang, Miaoling and Beck, Hylke E. and Wanders, Niko and MacCracken, Rosalyn F. and Houser, Paul R. and Zhou, Tian and Lettenmaier, Dennis P. and Ma, Yingtao and Pinker, Rachel T. and Bytheway, Janice and Kummerow, Christian D. and Wood, Eric F.},
  year = {2018},
  month = jan,
  journal = {Hydrology and Earth System Sciences},
  volume = {22},
  number = {1},
  pages = {241--263},
  doi = {10.5194/hess-22-241-2018},
  file = {/home/hzheng/OneDrive/Library/Zotero/Hydrology and Earth System Sciences/Zhang et al-2018-Hydrology and Earth System Sciences_annotated.pdf;/home/hzheng/OneDrive/Library/Zotero/Hydrology and Earth System Sciences/Zhang et al-2018-Hydrology and Earth System Sciences-si.pdf;/home/hzheng/OneDrive/Library/Zotero/Hydrology and Earth System Sciences/Zhang et al-2018-Hydrology and Earth System Sciences.pdf}
}

@article{zhang2020AFM,
  title = {Evaluation and Comparison of Multiple Evapotranspiration Data Models over the Contiguous {{United States}}: {{Implications}} for the next Phase of {{NLDAS}} ({{NLDAS-Testbed}}) Development},
  author = {Zhang, Baoqing and Xia, Youlong and Long, Biao and Hobbins, Mike and Zhao, Xining and Hain, Christopher and Li, Yaohui and Anderson, Martha C.},
  year = {2020},
  month = jan,
  journal = {Agricultural and Forest Meteorology},
  volume = {280},
  pages = {107810},
  doi = {10.1016/j.agrformet.2019.107810},
  file = {/home/hzheng/OneDrive/Library/Zotero/Agricultural and Forest Meteorology/Zhang et al-2020-Agricultural and Forest Meteorology.pdf}
}

@article{zheng2019WRR,
  title = {On the Sensitivity of the Precipitation Partitioning into Evapotranspiration and Runoff in Land Surface Parameterizations},
  author = {Zheng, Hui and Yang, Zong-Liang and Lin, Peirong and Wei, Jiangfeng and Wu, Wen-Ying and Li, Lingcheng and Zhao, Long and Wang, Shu},
  year = {2019},
  month = jan,
  journal = {Water Resources Research},
  volume = {55},
  number = {1},
  pages = {95--111},
  doi = {10.1029/2017WR022236},
  copyright = {All rights reserved},
  file = {/home/hzheng/OneDrive/Library/Zotero/Water Resources Research/Zheng et al-2019-Water Resources Research-si.pdf;/home/hzheng/OneDrive/Library/Zotero/Water Resources Research/Zheng et al-2019-Water Resources Research.pdf}
}

@article{zheng2020JAMES,
  title = {Falsification-Oriented Signature-Based Evaluation for Guiding the Development of Land Surface Models and the Enhancement of Observations},
  author = {Zheng, Hui and Yang, Zong-Liang and Lin, Peirong and Wu, Wen-Ying and Li, Lingcheng and Xu, Zhongfeng and Wei, Jiangfeng and Zhao, Long and Bian, Qingyun and Wang, Shu},
  year = {2020},
  month = dec,
  journal = {Journal of Advances in Modeling Earth Systems},
  volume = {12},
  number = {12},
  pages = {e2020MS002132},
  doi = {10.1029/2020MS002132},
  copyright = {\textcopyright 2020. The Authors.},
  langid = {english},
  file = {/home/hzheng/OneDrive/Library/Zotero/Journal of Advances in Modeling Earth Systems/Zheng et al-2020-Journal of Advances in Modeling Earth Systems-data.csv;/home/hzheng/OneDrive/Library/Zotero/Journal of Advances in Modeling Earth Systems/Zheng et al-2020-Journal of Advances in Modeling Earth Systems-si.pdf;/home/hzheng/OneDrive/Library/Zotero/Journal of Advances in Modeling Earth Systems/Zheng et al-2020-Journal of Advances in Modeling Earth Systems.pdf}
}

